NY000010000080803100959000541720000000000000000000000000000000000000000000000000
NY090020001461981000211415062995960000000000000000000000000000000000000000000000
NY09133000000010611198006106053000000000000500049                 47914510000000
NY091331000000100003233427974208710000000061119150623218380000000000000000000000
NY09133000000020611198006106053000000000000040000                 84276237000000
NY091331000000200000000001105779440000000051119110512513520000000000000000000000
NY090088000000020000000600000000000540000061119061119061119000000000000000000000
NY000089000000020000000800000000000540000061119000000000000000000000000000000000
