01AUTOGIRO              20230811            MAKULERING/ÄNDRING  4784420052323524
0320230828000002202169881682000000356000REFERENS00000000119             12
1120230905000002208034485982000000350000REFERENS00000000255             12
09202308119900              000000000000000000000002000000000070600å000000000000
