01AUTOGIRO              20230807            AG-MEDAVI           4784420052323524
73005232352400000230801264678105009947832755199006220629     043220230807
73005232352400000230801509661375000000730490199106226120     423220230807
73005232352400000230801823268327009332621748199206222565     423220230807
73005232352400000230802277515257000000162876199306220592     423220230807
73005232352400000230806889535609000000301574199406220989     423220230807
73005232352400000230806911033300009612178468199506228049     423220230807
092023080799000000006
